@ARTICLE{8877785,
  author={Gedeon, Julien and Brandherm, Florian and Egert, Rolf and Grube, Tim and Mühlhäuser, Max},
  journal={IEEE Access}, 
  title={What the Fog? Edge Computing Revisited: Promises, Applications and Future Challenges}, 
  year={2019},
  volume={7},
  number={},
  pages={152847-152878},
  keywords={Edge computing;Cloud computing;Mobile handsets;Task analysis;Taxonomy;Industries;Hardware;Edge computing;heterogeneous networks;next generation networking mobile applications;Internet of Things;ubiquitous computing},
  doi={10.1109/ACCESS.2019.2948399}
}
@article{Vo2022EdgeFA,
  title={Edge, Fog, and Cloud Computing : An Overview on Challenges and Applications},
  author={Thong Vo and Pranjal Dave and Gaurav Bajpai and Rasha Kashef},
  journal={ArXiv},
  year={2022},
  volume={abs/2211.01863},
  url={https://api.semanticscholar.org/CorpusID:253265107}
}
@article{cite-key,
	author = {Ahammad, Ishtiaq},
	date = {2023/10/04},
	date-added = {2025-03-01 02:21:32 +0300},
	date-modified = {2025-03-01 02:21:32 +0300},
	doi = {10.1007/s42979-023-02235-9},
	id = {Ahammad2023},
	isbn = {2661-8907},
	journal = {SN Computer Science},
	number = {6},
	pages = {765},
	title = {Fog Computing Complete Review: Concepts, Trends, Architectures, Technologies, Simulators, Security Issues, Applications, and Open Research Fields},
	url = {https://doi.org/10.1007/s42979-023-02235-9},
	volume = {4},
	year = {2023},
	bdsk-url-1 = {https://doi.org/10.1007/s42979-023-02235-9}}
@misc{WebsiteFiles,
  author = {Website Files},
  year = {n.d.},
  title = {Edge computing architecture},
  note = {[Fig. 1]}
}

@misc{TechAhead2023,
  author = {TechAhead Corp.},
  year = {2023},
  title = {Fog computing architecture illustrating data flow and processing layers},
  note = {[Fig. 2]}
}

@misc{MediumFog,
  author = {Medium},
  year = {n.d.},
  title = {Fog Computing vs Edge Computing comparison},
  note = {[Fig. 3]}
}

@misc{ResearchGate2020,
  author = {ResearchGate},
  year = {2020},
  title = {Latency comparison under different values of edge server capability},
  note = {[Fig. 4]}
}
