@book{weber2021edge,
	author = {Weber, Andreas},
	title = {Edge Computing: Architectures, Applications, and Challenges},
	publisher = {Springer},
	year = {2021},
	edition = {1st},
	isbn = {978-3-030-67890-2}
}

@article{shi2016edge,
	author = {Shi, Weisong and Cao, Jie and Zhang, Quan},
	title = {Edge Computing: Vision and Challenges},
	journal = {IEEE Internet of Things Journal},
	volume = {3},
	number = {5},
	pages = {637--646},
	year = {2016},
	doi = {10.1109/JIOT.2016.2579198}
}

@inproceedings{bonomi2012fog,
	author = {Bonomi, Flavio and Milito, Rodolfo and Zhu, Jiang and Addepalli, Sateesh},
	title = {Fog Computing and its Role in the Internet of Things},
	booktitle = {Proceedings of the First Edition of the MCC Workshop on Mobile Cloud Computing},
	pages = {13--16},
	year = {2012},
	organization = {ACM}
}

@techreport{cisco2015fog,
	author = {Cisco Systems},
	title = {Fog Computing and the Internet of Things: Extend the Cloud to Where the Things Are},
	institution = {Cisco},
	year = {2015},
	url = {https://www.cisco.com/c/en/us/solutions/internet-of-things/fog-computing.html}
}

@misc{ibm2022edge,
	author = {IBM Cloud},
	title = {What is Edge Computing?},
	year = {2022},
	url = {https://www.ibm.com/cloud/learn/edge-computing}
}

@misc{chiang2017fog,
	author = {Chiang, Mung},
	title = {Fog Computing: Principles, Architectures, and Applications},
	howpublished = {White Paper},
	year = {2017}
}
